@Book{binney1992the,
	 author = {Binney, James},
	  title = {The Theory of critical phenomena : an introduction to the renormalization group},
	   publisher = {Clarendon Press Oxford University Press},
	    year = {1992},
		 address = {Oxford Oxford New York},
		  isbn = {0198513933}
	  }
@Article{Gallavotti1972,
	author="Gallavotti, G.",
	title="Instabilities and phase transitions in the ising model. A review",
	journal="La Rivista del Nuovo Cimento (1971-1977)",
	year="1972",
	month="Apr",
	day="01",
	volume="2",
	number="2",
	pages="133--169",
	issn="1826-9850",
	doi="10.1007/BF02747778",
	url="https://doi.org/10.1007/BF02747778"
}

@ARTICLE{2005cond.mat.12356K,
			   author = {{Kenna}, R.},
			       title = "{The XY Model and the Berezinskii-Kosterlitz-Thouless Phase Transition}",
				     journal = {eprint arXiv:cond-mat/0512356},
					    eprint = {cond-mat/0512356},
						 keywords = {Condensed Matter - Statistical Mechanics},
						      year = 2005,
							      month = dec,
								     adsurl = {http://adsabs.harvard.edu/abs/2005cond.mat.12356K},
									   adsnote = {Provided by the SAO/NASA Astrophysics Data System}
		}
	

@article{PhysRev.108.1175,
	  title = {Theory of Superconductivity},
	    author = {Bardeen, J. and Cooper, L. N. and Schrieffer, J. R.},
		  journal = {Phys. Rev.},
		    volume = {108},
			  issue = {5},
			    pages = {1175--1204},
				  numpages = {0},
				    year = {1957},
					  month = {Dec},
					    publisher = {American Physical Society},
						  doi = {10.1103/PhysRev.108.1175},
						    url = {https://link.aps.org/doi/10.1103/PhysRev.108.1175}
}
@article{1674-1056-24-5-050507,
	  author={Zhu Qi-Zhong and Wu Biao},
	    title={Superfluidity of Bose-Einstein condensates in ultracold atomic gases},
		  journal={Chinese Physics B},
		    volume={24},
			  number={5},
			    pages={050507},
				  url={http://stacks.iop.org/1674-1056/24/i=5/a=050507},
				    year={2015}
} 
@arTICLE{2016PhRvB..94j4521S,
	   author = {{Sieberer}, L.~M. and {Wachtel}, G. and {Altman}, E. and {Diehl}, S.
			},
	       title = "{Lattice duality for the compact Kardar-Parisi-Zhang equation}",
		     journal = {Physical Review B},
			 archivePrefix = "arXiv",
			    eprint = {1604.01043},
				 primaryClass = "cond-mat.stat-mech",
				      year = 2016,
					      month = sep,
						     volume = 94,
							    number = 10,
								      eid = {104521},
									      pages = {104521},
										        doi = {10.1103/PhysRevB.94.104521},
												   adsurl = {http://adsabs.harvard.edu/abs/2016PhRvB..94j4521S},
												     adsnote = {Provided by the SAO/NASA Astrophysics Data System}
}

@Article{Byrnes2014,
	     author={Byrnes, Tim
			   and Kim, Na Young
				     and Yamamoto, Yoshihisa},
		   title={Exciton-polariton condensates},
		     journal={Nat Phys},
			   year={2014},
			     month={Nov},
				   publisher={Nature Publishing Group},
				    volume={10},
				     number={11},
					  pages={803-813},
					   note={Review},
					    issn={1745-2473},
					     url={http://dx.doi.org/10.1038/nphys3143}
		 }
@ARTICLE{2014arXiv1408.1680S,
	   author = {{Steger}, M. and {Gautham}, C. and {Snoke}, D.~W. and {Pfeiffer}, L. and 
			{West}, K.},
	       title = "{Slow reflection and two-photon generation of microcavity exciton-polaritons}",		     journal = {ArXiv e-prints},
			 archivePrefix = "arXiv",
			    eprint = {1408.1680},
				 primaryClass = "physics.optics",
				  keywords = {Physics - Optics},
				       year = 2014,
					       month = aug,
						      adsurl = {http://adsabs.harvard.edu/abs/2014arXiv1408.1680S},
							    adsnote = {Provided by the SAO/NASA Astrophysics Data System}
}

@article{doi:10.1080/00107514.2010.550120,
	author = { Jonathan Keeling and Natalia G. Berloff },
	title = {Exciton-polariton condensation},
	journal = {Contemporary Physics},
	volume = {52},
	number = {2},
	pages = {131-151},
	year  = {2011},
	publisher = {Taylor \& Francis},
	doi = {10.1080/00107514.2010.550120},

	URL = { 
		        http://dx.doi.org/10.1080/00107514.2010.550120
		    
	},
	eprint = { 
		        http://dx.doi.org/10.1080/00107514.2010.550120
		    
	}

}
@article{PhysRevLett.118.016602,
	  title = {Bose-Einstein Condensation of Long-Lifetime Polaritons in Thermal Equilibrium},
	    author = {Sun, Yongbao and Wen, Patrick and Yoon, Yoseob and Liu, Gangqiang and Steger, Mark and Pfeiffer, Loren N. and West, Ken and Snoke, David W. and Nelson, Keith A.},
		  journal = {Phys. Rev. Lett.},
		    volume = {118},
			  issue = {1},
			    pages = {016602},
				  numpages = {6},
				    year = {2017},
					  month = {Jan},
					    publisher = {American Physical Society},
						  doi = {10.1103/PhysRevLett.118.016602},
						    url = {https://link.aps.org/doi/10.1103/PhysRevLett.118.016602}
}

@Book{altland2010condensed,
	 author = {Altland, Alexander},
	  title = {Condensed Matter Field Theory},
	   publisher = {Cambridge University Press},
	    year = {2010},
		 address = {Leiden},
		  isbn = {978-0521769754}
	  }
@Book{jose201340,
	 author = "Jos\'{e}",
	  title = {40 years of Berezinskii-Kosterlitz-Thouless theory},
	   publisher = {World Scientific},
	    year = {2013},
		 address = {Singapore Hackensack, N.J},
		  isbn = {978-9814417631}
	  }

@Article{Coleman1973,
	author="Coleman, Sidney",
	title="There are no Goldstone bosons in two dimensions",
	journal="Communications in Mathematical Physics",
	year="1973",
	month="Dec",
	day="01",
	volume="31",
	number="4",
	pages="259--264",

	url="https://doi.org/10.1007/BF01646487"
}

@ARTICLE{2015PhRvX...5a1017A,
	   author = {{Altman}, E. and {Sieberer}, L.~M. and {Chen}, L. and {Diehl}, S. and 
			{Toner}, J.},
	       title = "{Two-Dimensional Superfluidity of Exciton Polaritons Requires Strong Anisotropy}",
		     journal = {Physical Review X},
			      year = 2015,
				      month = jan,
					     volume = 5,
						    number = 1,
							      eid = {011017},
								      pages = {011017},
									        doi = {10.1103/PhysRevX.5.011017},
											   adsurl = {http://adsabs.harvard.edu/abs/2015PhRvX...5a1017A},
											     adsnote = {Provided by the SAO/NASA Astrophysics Data System}
}
@article{PhysRevX.7.041006,
	  title = {Tuning across Universalities with a Driven Open Condensate},
	    author = {Zamora, A. and Sieberer, L. M. and Dunnett, K. and Diehl, S. and Szyma\ifmmode \acute{n}\else \'{n}\fi{}ska, M. H.},
		  journal = {Phys. Rev. X},
		    volume = {7},
			  issue = {4},
			    pages = {041006},
				  numpages = {20},
				    year = {2017},
					  month = {Oct},
					    publisher = {American Physical Society},
						  doi = {10.1103/PhysRevX.7.041006},
						    url = {https://link.aps.org/doi/10.1103/PhysRevX.7.041006}
}

@article{PhysRevLett.111.088701,
	  title = {Universality for Moving Stripes: A Hydrodynamic Theory of Polar Active Smectics},
	    author = {Chen, Leiming and Toner, John},
		  journal = {Phys. Rev. Lett.},
		    volume = {111},
			  issue = {8},
			    pages = {088701},
				  numpages = {5},
				    year = {2013},
					  month = {Aug},
					    publisher = {American Physical Society},
						  doi = {10.1103/PhysRevLett.111.088701},
						    url = {https://link.aps.org/doi/10.1103/PhysRevLett.111.088701}
}

@article{PhysRevB.94.104520,
	  title = {Electrodynamic duality and vortex unbinding in driven-dissipative condensates},
	    author = {Wachtel, G. and Sieberer, L. M. and Diehl, S. and Altman, E.},
		  journal = {Phys. Rev. B},
		    volume = {94},
			  issue = {10},
			    pages = {104520},
				  numpages = {20},
				    year = {2016},
					  month = {Sep},
					    publisher = {American Physical Society},
						  doi = {10.1103/PhysRevB.94.104520},
						    url = {https://link.aps.org/doi/10.1103/PhysRevB.94.104520}
}
@article{PhysRevX.5.041028,
	  title = {Nonequilibrium Phase Transition in a Two-Dimensional Driven Open Quantum System},
	    author = {Dagvadorj, G. and Fellows, J. M. and Matyja\ifmmode \acute{s}\else \'{s}\fi{}kiewicz, S. and Marchetti, F. M. and Carusotto, I. and Szyma\ifmmode \acute{n}\else \'{n}\fi{}ska, M. H.},
		  journal = {Phys. Rev. X},
		    volume = {5},
			  issue = {4},
			    pages = {041028},
				  numpages = {9},
				    year = {2015},
					  month = {Nov},
					    publisher = {American Physical Society},
						  doi = {10.1103/PhysRevX.5.041028},
						    url = {https://link.aps.org/doi/10.1103/PhysRevX.5.041028}
}
@article{PhysRevB.94.104521,
	  title = {Lattice duality for the compact Kardar-Parisi-Zhang equation},
	    author = {Sieberer, L. M. and Wachtel, G. and Altman, E. and Diehl, S.},
		  journal = {Phys. Rev. B},
		    volume = {94},
			  issue = {10},
			    pages = {104521},
				  numpages = {11},
				    year = {2016},
					  month = {Sep},
					    publisher = {American Physical Society},
						  doi = {10.1103/PhysRevB.94.104521},
						    url = {https://link.aps.org/doi/10.1103/PhysRevB.94.104521}
}
@article{PhysRevLett.84.1503,
	  title = {Breakdown of Scaling in the Nonequilibrium Critical Dynamics of the Two-Dimensional $\mathit{XY}$ Model},
	    author = {Bray, A. J. and Briant, A. J. and Jervis, D. K.},
		  journal = {Phys. Rev. Lett.},
		    volume = {84},
			  issue = {7},
			    pages = {1503--1506},
				  numpages = {0},
				    year = {2000},
					  month = {Feb},
					    publisher = {American Physical Society},
						  doi = {10.1103/PhysRevLett.84.1503},
						    url = {https://link.aps.org/doi/10.1103/PhysRevLett.84.1503}
}

